@inbook{
  sathy2020,
  title={Who Benefits From the Flipped Classroom?: Quasi-Experimental Findings on Student Learning, Engagement, Course Perceptions, and Interest in Statistics},
  ISBN={978-0-429-44281-0},
  note={Num Pages: 20},
  booktitle={Teaching Statistics and Quantitative Methods in the 21st Century},
  publisher={Routledge},
  author={Sathy, Viji and Moore, Quinn},
year={2020} }

@article{
  pownall2023,
  title={Scientific Blogs as a Psychological Literacy Assessment Tool},
  volume={50},
  ISSN={0098-6283},
  url={https://doi.org/10.1177/00986283211027278},
  DOI={10.1177/00986283211027278},
  number={1},
  journal={Teaching of Psychology},
  publisher={SAGE},
  author={Pownall, Madeleine and Havelka, Jelena and Harris, Richard},
  year={2023},
  month={Jan},
pages={69â€“76} }

@article{macandrew2002,
	title = {Essays are Not the Only Way: A Case Report on the Benefits of Authentic Assessment},
	author = {Macandrew, Siobhan B. G. and Edwards, Katherine},
	year = {2002},
	month = {06},
	date = {2002-06-01},
	journal = {Psychology Learning & Teaching},
	pages = {134--139},
	volume = {2},
	number = {2},
	doi = {10.2304/plat.2002.2.2.134},
	url = {https://doi.org/10.2304/plat.2002.2.2.134},
	note = {Publisher: SAGE Publications},
	langid = {en}
}

@article{sokhanvar2021,
	title = {Advantages of authentic assessment for improving the learning experience and employability skills of higher education students: A systematic literature review},
	author = {Sokhanvar, Zahra and Salehi, Keyvan and Sokhanvar, Fatemeh},
	year = {2021},
	month = {09},
	date = {2021-09-01},
	journal = {Studies in Educational Evaluation},
	pages = {101030},
	volume = {70},
	doi = {10.1016/j.stueduc.2021.101030},
	url = {https://www.sciencedirect.com/science/article/pii/S0191491X21000560},
	langid = {en}
}

@article{archbald1991,
	title = {Authentic assessment: Principles, practices, and issues},
	author = {Archbald, Douglas A.},
	year = {1991},
	date = {1991},
	journal = {School Psychology Quarterly},
	pages = {279--293},
	volume = {6},
	number = {4},
	doi = {10.1037/h0088821},
	url = {https://search.ebscohost.com/login.aspx?direct=true&db=pdh&AN=1992-29762-001&site=ehost-live},
	note = {Publisher: Guilford Publications}
}
