
@article{annis2007,
	title = {Dyadic Data Analysis},
	author = {Annis, David H},
	year = {2007},
	date = {2007},
	journal = {The American Statistician},
	pages = {371--371},
	volume = {61},
	number = {4},
	doi = {10.1198/tas.2007.s146},
	url = {http://dx.doi.org/10.1198/tas.2007.s146}
}
